%YAML 1.1
%TAG !u! tag:unity3d.com,2011:
--- !u!114 &6255601166617845751
MonoBehaviour:
  m_ObjectHideFlags: 0
  m_CorrespondingSourceObject: {fileID: 0}
  m_PrefabInstance: {fileID: 0}
  m_PrefabAsset: {fileID: 0}
  m_GameObject: {fileID: 6227623206096285013}
  m_Enabled: 1
  m_EditorHideFlags: 0
  m_Script: {fileID: 11500000, guid: cd1f212bc90e494b8e3ee1630c5f2230, type: 3}
  m_Name: 
  m_EditorClassIdentifier: 
  left: {fileID: 6226251459429714287}
  right: {fileID: 3169043132540716192}
--- !u!1 &6255601167922106052
GameObject:
  m_ObjectHideFlags: 0
  m_CorrespondingSourceObject: {fileID: 0}
  m_PrefabInstance: {fileID: 0}
  m_PrefabAsset: {fileID: 0}
  serializedVersion: 6
  m_Component:
  - component: {fileID: 6255601167922106055}
  - component: {fileID: 6255601167922106073}
  - component: {fileID: 6255601167922106054}
  m_Layer: 5
  m_Name: PauseBackground
  m_TagString: Untagged
  m_Icon: {fileID: 0}
  m_NavMeshLayer: 0
  m_StaticEditorFlags: 0
  m_IsActive: 0
--- !u!224 &6255601167922106055
RectTransform:
  m_ObjectHideFlags: 0
  m_CorrespondingSourceObject: {fileID: 0}
  m_PrefabInstance: {fileID: 0}
  m_PrefabAsset: {fileID: 0}
  m_GameObject: {fileID: 6255601167922106052}
  m_LocalRotation: {x: -0, y: -0, z: -0, w: 1}
  m_LocalPosition: {x: 0, y: 0, z: 0}
  m_LocalScale: {x: 1, y: 1, z: 1}
  m_Children: []
  m_Father: {fileID: 6255601168124694160}
  m_RootOrder: 0
  m_LocalEulerAnglesHint: {x: 0, y: 0, z: 0}
  m_AnchorMin: {x: 0, y: 0}
  m_AnchorMax: {x: 1, y: 1}
  m_AnchoredPosition: {x: 0, y: 0}
  m_SizeDelta: {x: 0, y: 0}
  m_Pivot: {x: 0.5, y: 0.5}
--- !u!222 &6255601167922106073
CanvasRenderer:
  m_ObjectHideFlags: 0
  m_CorrespondingSourceObject: {fileID: 0}
  m_PrefabInstance: {fileID: 0}
  m_PrefabAsset: {fileID: 0}
  m_GameObject: {fileID: 6255601167922106052}
  m_CullTransparentMesh: 0
--- !u!114 &6255601167922106054
MonoBehaviour:
  m_ObjectHideFlags: 0
  m_CorrespondingSourceObject: {fileID: 0}
  m_PrefabInstance: {fileID: 0}
  m_PrefabAsset: {fileID: 0}
  m_GameObject: {fileID: 6255601167922106052}
  m_Enabled: 1
  m_EditorHideFlags: 0
  m_Script: {fileID: 11500000, guid: fe87c0e1cc204ed48ad3b37840f39efc, type: 3}
  m_Name: 
  m_EditorClassIdentifier: 
  m_Material: {fileID: 2100000, guid: 756073c1e18ec47888a7abccd853cfea, type: 2}
  m_Color: {r: 1, g: 1, b: 1, a: 1}
  m_RaycastTarget: 1
  m_RaycastPadding: {x: 0, y: 0, z: 0, w: 0}
  m_Maskable: 1
  m_OnCullStateChanged:
    m_PersistentCalls:
      m_Calls: []
  m_Sprite: {fileID: 0}
  m_Type: 0
  m_PreserveAspect: 0
  m_FillCenter: 1
  m_FillMethod: 4
  m_FillAmount: 1
  m_FillClockwise: 1
  m_FillOrigin: 0
  m_UseSpriteMesh: 0
  m_PixelsPerUnitMultiplier: 1
--- !u!1 &6255601168124694172
GameObject:
  m_ObjectHideFlags: 0
  m_CorrespondingSourceObject: {fileID: 0}
  m_PrefabInstance: {fileID: 0}
  m_PrefabAsset: {fileID: 0}
  serializedVersion: 6
  m_Component:
  - component: {fileID: 6255601168124694160}
  - component: {fileID: 6255601168124694161}
  - component: {fileID: 6255601168124694174}
  - component: {fileID: 6255601168124694175}
  m_Layer: 5
  m_Name: InGameUICanvas
  m_TagString: Untagged
  m_Icon: {fileID: 0}
  m_NavMeshLayer: 0
  m_StaticEditorFlags: 0
  m_IsActive: 1
--- !u!224 &6255601168124694160
RectTransform:
  m_ObjectHideFlags: 0
  m_CorrespondingSourceObject: {fileID: 0}
  m_PrefabInstance: {fileID: 0}
  m_PrefabAsset: {fileID: 0}
  m_GameObject: {fileID: 6255601168124694172}
  m_LocalRotation: {x: 0, y: 0, z: 0, w: 1}
  m_LocalPosition: {x: 0, y: 0, z: 0}
  m_LocalScale: {x: 0, y: 0, z: 0}
  m_Children:
  - {fileID: 6255601167922106055}
  - {fileID: 1391631459538547119}
  - {fileID: 3124876910260330895}
  - {fileID: 2537341487494055871}
  - {fileID: 5204120243422047150}
  - {fileID: 2614875979166595235}
  m_Father: {fileID: 0}
  m_RootOrder: 0
  m_LocalEulerAnglesHint: {x: 0, y: 0, z: 0}
  m_AnchorMin: {x: 0, y: 0}
  m_AnchorMax: {x: 0, y: 0}
  m_AnchoredPosition: {x: 0, y: 0}
  m_SizeDelta: {x: 0, y: 0}
  m_Pivot: {x: 0, y: 0}
--- !u!223 &6255601168124694161
Canvas:
  m_ObjectHideFlags: 0
  m_CorrespondingSourceObject: {fileID: 0}
  m_PrefabInstance: {fileID: 0}
  m_PrefabAsset: {fileID: 0}
  m_GameObject: {fileID: 6255601168124694172}
  m_Enabled: 1
  serializedVersion: 3
  m_RenderMode: 0
  m_Camera: {fileID: 0}
  m_PlaneDistance: 100
  m_PixelPerfect: 0
  m_ReceivesEvents: 1
  m_OverrideSorting: 0
  m_OverridePixelPerfect: 0
  m_SortingBucketNormalizedSize: 0
  m_AdditionalShaderChannelsFlag: 0
  m_SortingLayerID: 0
  m_SortingOrder: 0
  m_TargetDisplay: 0
--- !u!114 &6255601168124694174
MonoBehaviour:
  m_ObjectHideFlags: 0
  m_CorrespondingSourceObject: {fileID: 0}
  m_PrefabInstance: {fileID: 0}
  m_PrefabAsset: {fileID: 0}
  m_GameObject: {fileID: 6255601168124694172}
  m_Enabled: 1
  m_EditorHideFlags: 0
  m_Script: {fileID: 11500000, guid: 0cd44c1031e13a943bb63640046fad76, type: 3}
  m_Name: 
  m_EditorClassIdentifier: 
  m_UiScaleMode: 1
  m_ReferencePixelsPerUnit: 100
  m_ScaleFactor: 1
  m_ReferenceResolution: {x: 1920, y: 1080}
  m_ScreenMatchMode: 0
  m_MatchWidthOrHeight: 0
  m_PhysicalUnit: 3
  m_FallbackScreenDPI: 96
  m_DefaultSpriteDPI: 96
  m_DynamicPixelsPerUnit: 1
--- !u!114 &6255601168124694175
MonoBehaviour:
  m_ObjectHideFlags: 0
  m_CorrespondingSourceObject: {fileID: 0}
  m_PrefabInstance: {fileID: 0}
  m_PrefabAsset: {fileID: 0}
  m_GameObject: {fileID: 6255601168124694172}
  m_Enabled: 1
  m_EditorHideFlags: 0
  m_Script: {fileID: 11500000, guid: dc42784cf147c0c48a680349fa168899, type: 3}
  m_Name: 
  m_EditorClassIdentifier: 
  m_IgnoreReversedGraphics: 1
  m_BlockingObjects: 0
  m_BlockingMask:
    serializedVersion: 2
    m_Bits: 4294967295
--- !u!1001 &4625850992307223813
PrefabInstance:
  m_ObjectHideFlags: 0
  serializedVersion: 2
  m_Modification:
    m_TransformParent: {fileID: 6255601168124694160}
    m_Modifications:
    - target: {fileID: 48224052, guid: f396b12faec6949ed90fe5a2c023aad6, type: 3}
      propertyPath: m_AnchorMax.x
      value: 1
      objectReference: {fileID: 0}
    - target: {fileID: 48224052, guid: f396b12faec6949ed90fe5a2c023aad6, type: 3}
      propertyPath: m_SizeDelta.x
      value: -17
      objectReference: {fileID: 0}
    - target: {fileID: 335038816, guid: f396b12faec6949ed90fe5a2c023aad6, type: 3}
      propertyPath: m_AnchorMax.x
      value: 1
      objectReference: {fileID: 0}
    - target: {fileID: 335038816, guid: f396b12faec6949ed90fe5a2c023aad6, type: 3}
      propertyPath: m_AnchorMax.y
      value: 1
      objectReference: {fileID: 0}
    - target: {fileID: 456802176, guid: f396b12faec6949ed90fe5a2c023aad6, type: 3}
      propertyPath: m_AnchorMax.x
      value: 1
      objectReference: {fileID: 0}
    - target: {fileID: 456802176, guid: f396b12faec6949ed90fe5a2c023aad6, type: 3}
      propertyPath: m_AnchorMax.y
      value: 1
      objectReference: {fileID: 0}
    - target: {fileID: 456802176, guid: f396b12faec6949ed90fe5a2c023aad6, type: 3}
      propertyPath: m_SizeDelta.x
      value: -17
      objectReference: {fileID: 0}
    - target: {fileID: 456802176, guid: f396b12faec6949ed90fe5a2c023aad6, type: 3}
      propertyPath: m_SizeDelta.y
      value: -17
      objectReference: {fileID: 0}
    - target: {fileID: 1558546159, guid: f396b12faec6949ed90fe5a2c023aad6, type: 3}
      propertyPath: m_AnchorMax.x
      value: 1
      objectReference: {fileID: 0}
    - target: {fileID: 1558546159, guid: f396b12faec6949ed90fe5a2c023aad6, type: 3}
      propertyPath: m_AnchorMax.y
      value: 1
      objectReference: {fileID: 0}
    - target: {fileID: 1750508009, guid: f396b12faec6949ed90fe5a2c023aad6, type: 3}
      propertyPath: m_AnchorMax.y
      value: 1
      objectReference: {fileID: 0}
    - target: {fileID: 1750508009, guid: f396b12faec6949ed90fe5a2c023aad6, type: 3}
      propertyPath: m_SizeDelta.y
      value: -17
      objectReference: {fileID: 0}
    - target: {fileID: 2049691276, guid: f396b12faec6949ed90fe5a2c023aad6, type: 3}
      propertyPath: m_SizeDelta.y
      value: 10
      objectReference: {fileID: 0}
    - target: {fileID: 7240580038082495909, guid: f396b12faec6949ed90fe5a2c023aad6, type: 3}
      propertyPath: m_Name
      value: EventBook
      objectReference: {fileID: 0}
    - target: {fileID: 7240580038082495910, guid: f396b12faec6949ed90fe5a2c023aad6, type: 3}
      propertyPath: m_LocalPosition.x
      value: 0
      objectReference: {fileID: 0}
    - target: {fileID: 7240580038082495910, guid: f396b12faec6949ed90fe5a2c023aad6, type: 3}
      propertyPath: m_LocalPosition.y
      value: 0
      objectReference: {fileID: 0}
    - target: {fileID: 7240580038082495910, guid: f396b12faec6949ed90fe5a2c023aad6, type: 3}
      propertyPath: m_LocalPosition.z
      value: 0
      objectReference: {fileID: 0}
    - target: {fileID: 7240580038082495910, guid: f396b12faec6949ed90fe5a2c023aad6, type: 3}
      propertyPath: m_LocalRotation.x
      value: 0
      objectReference: {fileID: 0}
    - target: {fileID: 7240580038082495910, guid: f396b12faec6949ed90fe5a2c023aad6, type: 3}
      propertyPath: m_LocalRotation.y
      value: 0
      objectReference: {fileID: 0}
    - target: {fileID: 7240580038082495910, guid: f396b12faec6949ed90fe5a2c023aad6, type: 3}
      propertyPath: m_LocalRotation.z
      value: 0
      objectReference: {fileID: 0}
    - target: {fileID: 7240580038082495910, guid: f396b12faec6949ed90fe5a2c023aad6, type: 3}
      propertyPath: m_LocalRotation.w
      value: 1
      objectReference: {fileID: 0}
    - target: {fileID: 7240580038082495910, guid: f396b12faec6949ed90fe5a2c023aad6, type: 3}
      propertyPath: m_RootOrder
      value: 5
      objectReference: {fileID: 0}
    - target: {fileID: 7240580038082495910, guid: f396b12faec6949ed90fe5a2c023aad6, type: 3}
      propertyPath: m_LocalEulerAnglesHint.x
      value: 0
      objectReference: {fileID: 0}
    - target: {fileID: 7240580038082495910, guid: f396b12faec6949ed90fe5a2c023aad6, type: 3}
      propertyPath: m_LocalEulerAnglesHint.y
      value: 0
      objectReference: {fileID: 0}
    - target: {fileID: 7240580038082495910, guid: f396b12faec6949ed90fe5a2c023aad6, type: 3}
      propertyPath: m_LocalEulerAnglesHint.z
      value: 0
      objectReference: {fileID: 0}
    - target: {fileID: 7240580038082495910, guid: f396b12faec6949ed90fe5a2c023aad6, type: 3}
      propertyPath: m_AnchoredPosition.x
      value: 0
      objectReference: {fileID: 0}
    - target: {fileID: 7240580038082495910, guid: f396b12faec6949ed90fe5a2c023aad6, type: 3}
      propertyPath: m_AnchoredPosition.y
      value: 0
      objectReference: {fileID: 0}
    - target: {fileID: 7240580038082495910, guid: f396b12faec6949ed90fe5a2c023aad6, type: 3}
      propertyPath: m_SizeDelta.x
      value: 0
      objectReference: {fileID: 0}
    - target: {fileID: 7240580038082495910, guid: f396b12faec6949ed90fe5a2c023aad6, type: 3}
      propertyPath: m_SizeDelta.y
      value: 0
      objectReference: {fileID: 0}
    - target: {fileID: 7240580038082495910, guid: f396b12faec6949ed90fe5a2c023aad6, type: 3}
      propertyPath: m_AnchorMin.x
      value: 0
      objectReference: {fileID: 0}
    - target: {fileID: 7240580038082495910, guid: f396b12faec6949ed90fe5a2c023aad6, type: 3}
      propertyPath: m_AnchorMin.y
      value: 0
      objectReference: {fileID: 0}
    - target: {fileID: 7240580038082495910, guid: f396b12faec6949ed90fe5a2c023aad6, type: 3}
      propertyPath: m_AnchorMax.x
      value: 1
      objectReference: {fileID: 0}
    - target: {fileID: 7240580038082495910, guid: f396b12faec6949ed90fe5a2c023aad6, type: 3}
      propertyPath: m_AnchorMax.y
      value: 1
      objectReference: {fileID: 0}
    - target: {fileID: 7240580038082495910, guid: f396b12faec6949ed90fe5a2c023aad6, type: 3}
      propertyPath: m_Pivot.x
      value: 0.5
      objectReference: {fileID: 0}
    - target: {fileID: 7240580038082495910, guid: f396b12faec6949ed90fe5a2c023aad6, type: 3}
      propertyPath: m_Pivot.y
      value: 0.5
      objectReference: {fileID: 0}
    - target: {fileID: 7240580038425148104, guid: f396b12faec6949ed90fe5a2c023aad6, type: 3}
      propertyPath: m_IsActive
      value: 0
      objectReference: {fileID: 0}
    m_RemovedComponents: []
  m_SourcePrefab: {fileID: 100100000, guid: f396b12faec6949ed90fe5a2c023aad6, type: 3}
--- !u!224 &2614875979166595235 stripped
RectTransform:
  m_CorrespondingSourceObject: {fileID: 7240580038082495910, guid: f396b12faec6949ed90fe5a2c023aad6, type: 3}
  m_PrefabInstance: {fileID: 4625850992307223813}
  m_PrefabAsset: {fileID: 0}
--- !u!1001 &5751721494465351708
PrefabInstance:
  m_ObjectHideFlags: 0
  serializedVersion: 2
  m_Modification:
    m_TransformParent: {fileID: 6255601168124694160}
    m_Modifications:
    - target: {fileID: 712783571776280351, guid: 40224d6a0f0be4de7a08ae6a0a92c7b1, type: 3}
      propertyPath: m_OnClick.m_PersistentCalls.m_Calls.Array.size
      value: 1
      objectReference: {fileID: 0}
    - target: {fileID: 712783571776280351, guid: 40224d6a0f0be4de7a08ae6a0a92c7b1, type: 3}
      propertyPath: m_OnClick.m_PersistentCalls.m_Calls.Array.data[0].m_Mode
      value: 1
      objectReference: {fileID: 0}
    - target: {fileID: 712783571776280351, guid: 40224d6a0f0be4de7a08ae6a0a92c7b1, type: 3}
      propertyPath: m_OnClick.m_PersistentCalls.m_Calls.Array.data[0].m_CallState
      value: 2
      objectReference: {fileID: 0}
    - target: {fileID: 712783571776280351, guid: 40224d6a0f0be4de7a08ae6a0a92c7b1, type: 3}
      propertyPath: m_OnClick.m_PersistentCalls.m_Calls.Array.data[0].m_Target
      value: 
      objectReference: {fileID: 0}
    - target: {fileID: 712783571776280351, guid: 40224d6a0f0be4de7a08ae6a0a92c7b1, type: 3}
      propertyPath: m_OnClick.m_PersistentCalls.m_Calls.Array.data[0].m_TargetAssemblyTypeName
      value: Code.Scripts.CharacterController, Assembly-CSharp
      objectReference: {fileID: 0}
    - target: {fileID: 712783571776280351, guid: 40224d6a0f0be4de7a08ae6a0a92c7b1, type: 3}
      propertyPath: m_OnClick.m_PersistentCalls.m_Calls.Array.data[0].m_MethodName
      value: GoLeft
      objectReference: {fileID: 0}
    - target: {fileID: 712783571776280351, guid: 40224d6a0f0be4de7a08ae6a0a92c7b1, type: 3}
      propertyPath: m_OnClick.m_PersistentCalls.m_Calls.Array.data[0].m_Arguments.m_ObjectArgumentAssemblyTypeName
      value: UnityEngine.Object, UnityEngine
      objectReference: {fileID: 0}
    - target: {fileID: 1855147103510019401, guid: 40224d6a0f0be4de7a08ae6a0a92c7b1, type: 3}
      propertyPath: m_Name
      value: Controller
      objectReference: {fileID: 0}
    - target: {fileID: 5332066072018090315, guid: 40224d6a0f0be4de7a08ae6a0a92c7b1, type: 3}
      propertyPath: pauseWindow
      value: 
      objectReference: {fileID: 3124876910260330894}
    - target: {fileID: 6665935795605184947, guid: 40224d6a0f0be4de7a08ae6a0a92c7b1, type: 3}
      propertyPath: m_LocalPosition.x
      value: 0
      objectReference: {fileID: 0}
    - target: {fileID: 6665935795605184947, guid: 40224d6a0f0be4de7a08ae6a0a92c7b1, type: 3}
      propertyPath: m_LocalPosition.y
      value: 0
      objectReference: {fileID: 0}
    - target: {fileID: 6665935795605184947, guid: 40224d6a0f0be4de7a08ae6a0a92c7b1, type: 3}
      propertyPath: m_LocalPosition.z
      value: 0
      objectReference: {fileID: 0}
    - target: {fileID: 6665935795605184947, guid: 40224d6a0f0be4de7a08ae6a0a92c7b1, type: 3}
      propertyPath: m_LocalRotation.x
      value: 0
      objectReference: {fileID: 0}
    - target: {fileID: 6665935795605184947, guid: 40224d6a0f0be4de7a08ae6a0a92c7b1, type: 3}
      propertyPath: m_LocalRotation.y
      value: 0
      objectReference: {fileID: 0}
    - target: {fileID: 6665935795605184947, guid: 40224d6a0f0be4de7a08ae6a0a92c7b1, type: 3}
      propertyPath: m_LocalRotation.z
      value: 0
      objectReference: {fileID: 0}
    - target: {fileID: 6665935795605184947, guid: 40224d6a0f0be4de7a08ae6a0a92c7b1, type: 3}
      propertyPath: m_LocalRotation.w
      value: 1
      objectReference: {fileID: 0}
    - target: {fileID: 6665935795605184947, guid: 40224d6a0f0be4de7a08ae6a0a92c7b1, type: 3}
      propertyPath: m_RootOrder
      value: 1
      objectReference: {fileID: 0}
    - target: {fileID: 6665935795605184947, guid: 40224d6a0f0be4de7a08ae6a0a92c7b1, type: 3}
      propertyPath: m_LocalEulerAnglesHint.x
      value: 0
      objectReference: {fileID: 0}
    - target: {fileID: 6665935795605184947, guid: 40224d6a0f0be4de7a08ae6a0a92c7b1, type: 3}
      propertyPath: m_LocalEulerAnglesHint.y
      value: 0
      objectReference: {fileID: 0}
    - target: {fileID: 6665935795605184947, guid: 40224d6a0f0be4de7a08ae6a0a92c7b1, type: 3}
      propertyPath: m_LocalEulerAnglesHint.z
      value: 0
      objectReference: {fileID: 0}
    - target: {fileID: 6665935795605184947, guid: 40224d6a0f0be4de7a08ae6a0a92c7b1, type: 3}
      propertyPath: m_AnchoredPosition.x
      value: 0
      objectReference: {fileID: 0}
    - target: {fileID: 6665935795605184947, guid: 40224d6a0f0be4de7a08ae6a0a92c7b1, type: 3}
      propertyPath: m_AnchoredPosition.y
      value: 0
      objectReference: {fileID: 0}
    - target: {fileID: 6665935795605184947, guid: 40224d6a0f0be4de7a08ae6a0a92c7b1, type: 3}
      propertyPath: m_SizeDelta.x
      value: 0
      objectReference: {fileID: 0}
    - target: {fileID: 6665935795605184947, guid: 40224d6a0f0be4de7a08ae6a0a92c7b1, type: 3}
      propertyPath: m_SizeDelta.y
      value: 0
      objectReference: {fileID: 0}
    - target: {fileID: 6665935795605184947, guid: 40224d6a0f0be4de7a08ae6a0a92c7b1, type: 3}
      propertyPath: m_AnchorMin.x
      value: 0
      objectReference: {fileID: 0}
    - target: {fileID: 6665935795605184947, guid: 40224d6a0f0be4de7a08ae6a0a92c7b1, type: 3}
      propertyPath: m_AnchorMin.y
      value: 0
      objectReference: {fileID: 0}
    - target: {fileID: 6665935795605184947, guid: 40224d6a0f0be4de7a08ae6a0a92c7b1, type: 3}
      propertyPath: m_AnchorMax.x
      value: 1
      objectReference: {fileID: 0}
    - target: {fileID: 6665935795605184947, guid: 40224d6a0f0be4de7a08ae6a0a92c7b1, type: 3}
      propertyPath: m_AnchorMax.y
      value: 1
      objectReference: {fileID: 0}
    - target: {fileID: 6665935795605184947, guid: 40224d6a0f0be4de7a08ae6a0a92c7b1, type: 3}
      propertyPath: m_Pivot.x
      value: 0.5
      objectReference: {fileID: 0}
    - target: {fileID: 6665935795605184947, guid: 40224d6a0f0be4de7a08ae6a0a92c7b1, type: 3}
      propertyPath: m_Pivot.y
      value: 0.5
      objectReference: {fileID: 0}
    - target: {fileID: 7974649216114291565, guid: 40224d6a0f0be4de7a08ae6a0a92c7b1, type: 3}
      propertyPath: m_OnClick.m_PersistentCalls.m_Calls.Array.size
      value: 1
      objectReference: {fileID: 0}
    - target: {fileID: 7974649216114291565, guid: 40224d6a0f0be4de7a08ae6a0a92c7b1, type: 3}
      propertyPath: m_OnClick.m_PersistentCalls.m_Calls.Array.data[0].m_Mode
      value: 1
      objectReference: {fileID: 0}
    - target: {fileID: 7974649216114291565, guid: 40224d6a0f0be4de7a08ae6a0a92c7b1, type: 3}
      propertyPath: m_OnClick.m_PersistentCalls.m_Calls.Array.data[0].m_CallState
      value: 2
      objectReference: {fileID: 0}
    - target: {fileID: 7974649216114291565, guid: 40224d6a0f0be4de7a08ae6a0a92c7b1, type: 3}
      propertyPath: m_OnClick.m_PersistentCalls.m_Calls.Array.data[0].m_Target
      value: 
      objectReference: {fileID: 0}
    - target: {fileID: 7974649216114291565, guid: 40224d6a0f0be4de7a08ae6a0a92c7b1, type: 3}
      propertyPath: m_OnClick.m_PersistentCalls.m_Calls.Array.data[0].m_TargetAssemblyTypeName
      value: Code.Scripts.CharacterController, Assembly-CSharp
      objectReference: {fileID: 0}
    - target: {fileID: 7974649216114291565, guid: 40224d6a0f0be4de7a08ae6a0a92c7b1, type: 3}
      propertyPath: m_OnClick.m_PersistentCalls.m_Calls.Array.data[0].m_MethodName
      value: GoRight
      objectReference: {fileID: 0}
    - target: {fileID: 7974649216114291565, guid: 40224d6a0f0be4de7a08ae6a0a92c7b1, type: 3}
      propertyPath: m_OnClick.m_PersistentCalls.m_Calls.Array.data[0].m_Arguments.m_ObjectArgumentAssemblyTypeName
      value: UnityEngine.Object, UnityEngine
      objectReference: {fileID: 0}
    m_RemovedComponents: []
  m_SourcePrefab: {fileID: 100100000, guid: 40224d6a0f0be4de7a08ae6a0a92c7b1, type: 3}
--- !u!1 &6227623206096285013 stripped
GameObject:
  m_CorrespondingSourceObject: {fileID: 1855147103510019401, guid: 40224d6a0f0be4de7a08ae6a0a92c7b1, type: 3}
  m_PrefabInstance: {fileID: 5751721494465351708}
  m_PrefabAsset: {fileID: 0}
--- !u!224 &1391631459538547119 stripped
RectTransform:
  m_CorrespondingSourceObject: {fileID: 6665935795605184947, guid: 40224d6a0f0be4de7a08ae6a0a92c7b1, type: 3}
  m_PrefabInstance: {fileID: 5751721494465351708}
  m_PrefabAsset: {fileID: 0}
--- !u!114 &6226251459429714287 stripped
MonoBehaviour:
  m_CorrespondingSourceObject: {fileID: 1853845390294964595, guid: 40224d6a0f0be4de7a08ae6a0a92c7b1, type: 3}
  m_PrefabInstance: {fileID: 5751721494465351708}
  m_PrefabAsset: {fileID: 0}
  m_GameObject: {fileID: 0}
  m_Enabled: 1
  m_EditorHideFlags: 0
  m_Script: {fileID: 11500000, guid: b62a317af0e747d596287b225719ccf7, type: 3}
  m_Name: 
  m_EditorClassIdentifier: 
--- !u!114 &3169043132540716192 stripped
MonoBehaviour:
  m_CorrespondingSourceObject: {fileID: 7217172102500914364, guid: 40224d6a0f0be4de7a08ae6a0a92c7b1, type: 3}
  m_PrefabInstance: {fileID: 5751721494465351708}
  m_PrefabAsset: {fileID: 0}
  m_GameObject: {fileID: 0}
  m_Enabled: 1
  m_EditorHideFlags: 0
  m_Script: {fileID: 11500000, guid: b62a317af0e747d596287b225719ccf7, type: 3}
  m_Name: 
  m_EditorClassIdentifier: 
--- !u!1001 &6255601166474480914
PrefabInstance:
  m_ObjectHideFlags: 0
  serializedVersion: 2
  m_Modification:
    m_TransformParent: {fileID: 6255601168124694160}
    m_Modifications:
    - target: {fileID: 169259787062424103, guid: 2369fdee5abe74cafa125adb105bd9e7, type: 3}
      propertyPath: m_AnchorMin.y
      value: 0
      objectReference: {fileID: 0}
    - target: {fileID: 169259787062424103, guid: 2369fdee5abe74cafa125adb105bd9e7, type: 3}
      propertyPath: m_AnchorMax.y
      value: 0
      objectReference: {fileID: 0}
    - target: {fileID: 169259787062424103, guid: 2369fdee5abe74cafa125adb105bd9e7, type: 3}
      propertyPath: m_AnchoredPosition.x
      value: 0
      objectReference: {fileID: 0}
    - target: {fileID: 169259787062424103, guid: 2369fdee5abe74cafa125adb105bd9e7, type: 3}
      propertyPath: m_AnchoredPosition.y
      value: 0
      objectReference: {fileID: 0}
    - target: {fileID: 169259787062424103, guid: 2369fdee5abe74cafa125adb105bd9e7, type: 3}
      propertyPath: m_SizeDelta.x
      value: 0
      objectReference: {fileID: 0}
    - target: {fileID: 169259787062424103, guid: 2369fdee5abe74cafa125adb105bd9e7, type: 3}
      propertyPath: m_SizeDelta.y
      value: 0
      objectReference: {fileID: 0}
    - target: {fileID: 397635284548935969, guid: 2369fdee5abe74cafa125adb105bd9e7, type: 3}
      propertyPath: m_AnchorMin.y
      value: 0
      objectReference: {fileID: 0}
    - target: {fileID: 397635284548935969, guid: 2369fdee5abe74cafa125adb105bd9e7, type: 3}
      propertyPath: m_AnchorMax.y
      value: 0
      objectReference: {fileID: 0}
    - target: {fileID: 397635284548935969, guid: 2369fdee5abe74cafa125adb105bd9e7, type: 3}
      propertyPath: m_AnchoredPosition.x
      value: 0
      objectReference: {fileID: 0}
    - target: {fileID: 397635284548935969, guid: 2369fdee5abe74cafa125adb105bd9e7, type: 3}
      propertyPath: m_AnchoredPosition.y
      value: 0
      objectReference: {fileID: 0}
    - target: {fileID: 397635284548935969, guid: 2369fdee5abe74cafa125adb105bd9e7, type: 3}
      propertyPath: m_SizeDelta.x
      value: 0
      objectReference: {fileID: 0}
    - target: {fileID: 397635284548935969, guid: 2369fdee5abe74cafa125adb105bd9e7, type: 3}
      propertyPath: m_SizeDelta.y
      value: 0
      objectReference: {fileID: 0}
    - target: {fileID: 726354306172390562, guid: 2369fdee5abe74cafa125adb105bd9e7, type: 3}
      propertyPath: m_AnchorMin.y
      value: 0
      objectReference: {fileID: 0}
    - target: {fileID: 726354306172390562, guid: 2369fdee5abe74cafa125adb105bd9e7, type: 3}
      propertyPath: m_AnchorMax.y
      value: 0
      objectReference: {fileID: 0}
    - target: {fileID: 726354306172390562, guid: 2369fdee5abe74cafa125adb105bd9e7, type: 3}
      propertyPath: m_AnchoredPosition.x
      value: 0
      objectReference: {fileID: 0}
    - target: {fileID: 726354306172390562, guid: 2369fdee5abe74cafa125adb105bd9e7, type: 3}
      propertyPath: m_AnchoredPosition.y
      value: 0
      objectReference: {fileID: 0}
    - target: {fileID: 726354306172390562, guid: 2369fdee5abe74cafa125adb105bd9e7, type: 3}
      propertyPath: m_SizeDelta.x
      value: 0
      objectReference: {fileID: 0}
    - target: {fileID: 726354306172390562, guid: 2369fdee5abe74cafa125adb105bd9e7, type: 3}
      propertyPath: m_SizeDelta.y
      value: 0
      objectReference: {fileID: 0}
    - target: {fileID: 843936115552410510, guid: 2369fdee5abe74cafa125adb105bd9e7, type: 3}
      propertyPath: m_AnchorMin.y
      value: 0
      objectReference: {fileID: 0}
    - target: {fileID: 843936115552410510, guid: 2369fdee5abe74cafa125adb105bd9e7, type: 3}
      propertyPath: m_AnchorMax.y
      value: 0
      objectReference: {fileID: 0}
    - target: {fileID: 843936115552410510, guid: 2369fdee5abe74cafa125adb105bd9e7, type: 3}
      propertyPath: m_AnchoredPosition.x
      value: 0
      objectReference: {fileID: 0}
    - target: {fileID: 843936115552410510, guid: 2369fdee5abe74cafa125adb105bd9e7, type: 3}
      propertyPath: m_AnchoredPosition.y
      value: 0
      objectReference: {fileID: 0}
    - target: {fileID: 843936115552410510, guid: 2369fdee5abe74cafa125adb105bd9e7, type: 3}
      propertyPath: m_SizeDelta.x
      value: 0
      objectReference: {fileID: 0}
    - target: {fileID: 843936115552410510, guid: 2369fdee5abe74cafa125adb105bd9e7, type: 3}
      propertyPath: m_SizeDelta.y
      value: 0
      objectReference: {fileID: 0}
    - target: {fileID: 854645101619347118, guid: 2369fdee5abe74cafa125adb105bd9e7, type: 3}
      propertyPath: m_AnchorMin.y
      value: 0
      objectReference: {fileID: 0}
    - target: {fileID: 854645101619347118, guid: 2369fdee5abe74cafa125adb105bd9e7, type: 3}
      propertyPath: m_AnchorMax.y
      value: 0
      objectReference: {fileID: 0}
    - target: {fileID: 854645101619347118, guid: 2369fdee5abe74cafa125adb105bd9e7, type: 3}
      propertyPath: m_AnchoredPosition.x
      value: 0
      objectReference: {fileID: 0}
    - target: {fileID: 854645101619347118, guid: 2369fdee5abe74cafa125adb105bd9e7, type: 3}
      propertyPath: m_AnchoredPosition.y
      value: 0
      objectReference: {fileID: 0}
    - target: {fileID: 854645101619347118, guid: 2369fdee5abe74cafa125adb105bd9e7, type: 3}
      propertyPath: m_SizeDelta.x
      value: 0
      objectReference: {fileID: 0}
    - target: {fileID: 854645101619347118, guid: 2369fdee5abe74cafa125adb105bd9e7, type: 3}
      propertyPath: m_SizeDelta.y
      value: 0
      objectReference: {fileID: 0}
    - target: {fileID: 1102996739971130112, guid: 2369fdee5abe74cafa125adb105bd9e7, type: 3}
      propertyPath: m_AnchorMin.y
      value: 0
      objectReference: {fileID: 0}
    - target: {fileID: 1102996739971130112, guid: 2369fdee5abe74cafa125adb105bd9e7, type: 3}
      propertyPath: m_AnchorMax.y
      value: 0
      objectReference: {fileID: 0}
    - target: {fileID: 1102996739971130112, guid: 2369fdee5abe74cafa125adb105bd9e7, type: 3}
      propertyPath: m_AnchoredPosition.x
      value: 0
      objectReference: {fileID: 0}
    - target: {fileID: 1102996739971130112, guid: 2369fdee5abe74cafa125adb105bd9e7, type: 3}
      propertyPath: m_AnchoredPosition.y
      value: 0
      objectReference: {fileID: 0}
    - target: {fileID: 1102996739971130112, guid: 2369fdee5abe74cafa125adb105bd9e7, type: 3}
      propertyPath: m_SizeDelta.x
      value: 0
      objectReference: {fileID: 0}
    - target: {fileID: 1102996739971130112, guid: 2369fdee5abe74cafa125adb105bd9e7, type: 3}
      propertyPath: m_SizeDelta.y
      value: 0
      objectReference: {fileID: 0}
    - target: {fileID: 1232611076065900410, guid: 2369fdee5abe74cafa125adb105bd9e7, type: 3}
      propertyPath: m_AnchorMin.y
      value: 0
      objectReference: {fileID: 0}
    - target: {fileID: 1232611076065900410, guid: 2369fdee5abe74cafa125adb105bd9e7, type: 3}
      propertyPath: m_AnchorMax.y
      value: 0
      objectReference: {fileID: 0}
    - target: {fileID: 1232611076065900410, guid: 2369fdee5abe74cafa125adb105bd9e7, type: 3}
      propertyPath: m_AnchoredPosition.x
      value: 0
      objectReference: {fileID: 0}
    - target: {fileID: 1232611076065900410, guid: 2369fdee5abe74cafa125adb105bd9e7, type: 3}
      propertyPath: m_AnchoredPosition.y
      value: 0
      objectReference: {fileID: 0}
    - target: {fileID: 1232611076065900410, guid: 2369fdee5abe74cafa125adb105bd9e7, type: 3}
      propertyPath: m_SizeDelta.x
      value: 0
      objectReference: {fileID: 0}
    - target: {fileID: 1232611076065900410, guid: 2369fdee5abe74cafa125adb105bd9e7, type: 3}
      propertyPath: m_SizeDelta.y
      value: 0
      objectReference: {fileID: 0}
    - target: {fileID: 1607367309577350998, guid: 2369fdee5abe74cafa125adb105bd9e7, type: 3}
      propertyPath: m_AnchorMin.y
      value: 0
      objectReference: {fileID: 0}
    - target: {fileID: 1607367309577350998, guid: 2369fdee5abe74cafa125adb105bd9e7, type: 3}
      propertyPath: m_AnchorMax.y
      value: 0
      objectReference: {fileID: 0}
    - target: {fileID: 1607367309577350998, guid: 2369fdee5abe74cafa125adb105bd9e7, type: 3}
      propertyPath: m_AnchoredPosition.x
      value: 0
      objectReference: {fileID: 0}
    - target: {fileID: 1607367309577350998, guid: 2369fdee5abe74cafa125adb105bd9e7, type: 3}
      propertyPath: m_AnchoredPosition.y
      value: 0
      objectReference: {fileID: 0}
    - target: {fileID: 1607367309577350998, guid: 2369fdee5abe74cafa125adb105bd9e7, type: 3}
      propertyPath: m_SizeDelta.x
      value: 0
      objectReference: {fileID: 0}
    - target: {fileID: 1607367309577350998, guid: 2369fdee5abe74cafa125adb105bd9e7, type: 3}
      propertyPath: m_SizeDelta.y
      value: 0
      objectReference: {fileID: 0}
    - target: {fileID: 1876441868315522334, guid: 2369fdee5abe74cafa125adb105bd9e7, type: 3}
      propertyPath: m_AnchorMin.y
      value: 0
      objectReference: {fileID: 0}
    - target: {fileID: 1876441868315522334, guid: 2369fdee5abe74cafa125adb105bd9e7, type: 3}
      propertyPath: m_AnchorMax.y
      value: 0
      objectReference: {fileID: 0}
    - target: {fileID: 1876441868315522334, guid: 2369fdee5abe74cafa125adb105bd9e7, type: 3}
      propertyPath: m_AnchoredPosition.x
      value: 0
      objectReference: {fileID: 0}
    - target: {fileID: 1876441868315522334, guid: 2369fdee5abe74cafa125adb105bd9e7, type: 3}
      propertyPath: m_AnchoredPosition.y
      value: 0
      objectReference: {fileID: 0}
    - target: {fileID: 1876441868315522334, guid: 2369fdee5abe74cafa125adb105bd9e7, type: 3}
      propertyPath: m_SizeDelta.x
      value: 0
      objectReference: {fileID: 0}
    - target: {fileID: 1876441868315522334, guid: 2369fdee5abe74cafa125adb105bd9e7, type: 3}
      propertyPath: m_SizeDelta.y
      value: 0
      objectReference: {fileID: 0}
    - target: {fileID: 2142543273884413401, guid: 2369fdee5abe74cafa125adb105bd9e7, type: 3}
      propertyPath: m_AnchorMin.y
      value: 0
      objectReference: {fileID: 0}
    - target: {fileID: 2142543273884413401, guid: 2369fdee5abe74cafa125adb105bd9e7, type: 3}
      propertyPath: m_AnchorMax.y
      value: 0
      objectReference: {fileID: 0}
    - target: {fileID: 2142543273884413401, guid: 2369fdee5abe74cafa125adb105bd9e7, type: 3}
      propertyPath: m_AnchoredPosition.x
      value: 0
      objectReference: {fileID: 0}
    - target: {fileID: 2142543273884413401, guid: 2369fdee5abe74cafa125adb105bd9e7, type: 3}
      propertyPath: m_AnchoredPosition.y
      value: 0
      objectReference: {fileID: 0}
    - target: {fileID: 2215105416481320643, guid: 2369fdee5abe74cafa125adb105bd9e7, type: 3}
      propertyPath: m_AnchorMin.y
      value: 0
      objectReference: {fileID: 0}
    - target: {fileID: 2215105416481320643, guid: 2369fdee5abe74cafa125adb105bd9e7, type: 3}
      propertyPath: m_AnchorMax.y
      value: 0
      objectReference: {fileID: 0}
    - target: {fileID: 2215105416481320643, guid: 2369fdee5abe74cafa125adb105bd9e7, type: 3}
      propertyPath: m_AnchoredPosition.x
      value: 0
      objectReference: {fileID: 0}
    - target: {fileID: 2215105416481320643, guid: 2369fdee5abe74cafa125adb105bd9e7, type: 3}
      propertyPath: m_AnchoredPosition.y
      value: 0
      objectReference: {fileID: 0}
    - target: {fileID: 2215105416481320643, guid: 2369fdee5abe74cafa125adb105bd9e7, type: 3}
      propertyPath: m_SizeDelta.x
      value: 0
      objectReference: {fileID: 0}
    - target: {fileID: 2215105416481320643, guid: 2369fdee5abe74cafa125adb105bd9e7, type: 3}
      propertyPath: m_SizeDelta.y
      value: 0
      objectReference: {fileID: 0}
    - target: {fileID: 2767690707691713464, guid: 2369fdee5abe74cafa125adb105bd9e7, type: 3}
      propertyPath: m_AnchorMin.y
      value: 0
      objectReference: {fileID: 0}
    - target: {fileID: 2767690707691713464, guid: 2369fdee5abe74cafa125adb105bd9e7, type: 3}
      propertyPath: m_AnchorMax.y
      value: 0
      objectReference: {fileID: 0}
    - target: {fileID: 2767690707691713464, guid: 2369fdee5abe74cafa125adb105bd9e7, type: 3}
      propertyPath: m_AnchoredPosition.x
      value: 0
      objectReference: {fileID: 0}
    - target: {fileID: 2767690707691713464, guid: 2369fdee5abe74cafa125adb105bd9e7, type: 3}
      propertyPath: m_AnchoredPosition.y
      value: 0
      objectReference: {fileID: 0}
    - target: {fileID: 2767690707691713464, guid: 2369fdee5abe74cafa125adb105bd9e7, type: 3}
      propertyPath: m_SizeDelta.x
      value: 0
      objectReference: {fileID: 0}
    - target: {fileID: 2767690707691713464, guid: 2369fdee5abe74cafa125adb105bd9e7, type: 3}
      propertyPath: m_SizeDelta.y
      value: 0
      objectReference: {fileID: 0}
    - target: {fileID: 3100449262180595628, guid: 2369fdee5abe74cafa125adb105bd9e7, type: 3}
      propertyPath: m_IsActive
      value: 1
      objectReference: {fileID: 0}
    - target: {fileID: 3850908340327976368, guid: 2369fdee5abe74cafa125adb105bd9e7, type: 3}
      propertyPath: m_AnchorMin.y
      value: 0
      objectReference: {fileID: 0}
    - target: {fileID: 3850908340327976368, guid: 2369fdee5abe74cafa125adb105bd9e7, type: 3}
      propertyPath: m_AnchorMax.y
      value: 0
      objectReference: {fileID: 0}
    - target: {fileID: 3850908340327976368, guid: 2369fdee5abe74cafa125adb105bd9e7, type: 3}
      propertyPath: m_AnchoredPosition.x
      value: 0
      objectReference: {fileID: 0}
    - target: {fileID: 3850908340327976368, guid: 2369fdee5abe74cafa125adb105bd9e7, type: 3}
      propertyPath: m_AnchoredPosition.y
      value: 0
      objectReference: {fileID: 0}
    - target: {fileID: 4026604678250669213, guid: 2369fdee5abe74cafa125adb105bd9e7, type: 3}
      propertyPath: m_AnchorMin.y
      value: 0
      objectReference: {fileID: 0}
    - target: {fileID: 4026604678250669213, guid: 2369fdee5abe74cafa125adb105bd9e7, type: 3}
      propertyPath: m_AnchorMax.y
      value: 0
      objectReference: {fileID: 0}
    - target: {fileID: 4026604678250669213, guid: 2369fdee5abe74cafa125adb105bd9e7, type: 3}
      propertyPath: m_AnchoredPosition.x
      value: 0
      objectReference: {fileID: 0}
    - target: {fileID: 4026604678250669213, guid: 2369fdee5abe74cafa125adb105bd9e7, type: 3}
      propertyPath: m_AnchoredPosition.y
      value: 0
      objectReference: {fileID: 0}
    - target: {fileID: 4254047775884556486, guid: 2369fdee5abe74cafa125adb105bd9e7, type: 3}
      propertyPath: m_AnchorMin.y
      value: 0
      objectReference: {fileID: 0}
    - target: {fileID: 4254047775884556486, guid: 2369fdee5abe74cafa125adb105bd9e7, type: 3}
      propertyPath: m_AnchorMax.y
      value: 0
      objectReference: {fileID: 0}
    - target: {fileID: 4254047775884556486, guid: 2369fdee5abe74cafa125adb105bd9e7, type: 3}
      propertyPath: m_AnchoredPosition.x
      value: 0
      objectReference: {fileID: 0}
    - target: {fileID: 4254047775884556486, guid: 2369fdee5abe74cafa125adb105bd9e7, type: 3}
      propertyPath: m_AnchoredPosition.y
      value: 0
      objectReference: {fileID: 0}
    - target: {fileID: 4254047775884556486, guid: 2369fdee5abe74cafa125adb105bd9e7, type: 3}
      propertyPath: m_SizeDelta.x
      value: 0
      objectReference: {fileID: 0}
    - target: {fileID: 4254047775884556486, guid: 2369fdee5abe74cafa125adb105bd9e7, type: 3}
      propertyPath: m_SizeDelta.y
      value: 0
      objectReference: {fileID: 0}
    - target: {fileID: 4303838936546711978, guid: 2369fdee5abe74cafa125adb105bd9e7, type: 3}
      propertyPath: m_AnchorMin.y
      value: 0
      objectReference: {fileID: 0}
    - target: {fileID: 4303838936546711978, guid: 2369fdee5abe74cafa125adb105bd9e7, type: 3}
      propertyPath: m_AnchorMax.y
      value: 0
      objectReference: {fileID: 0}
    - target: {fileID: 4303838936546711978, guid: 2369fdee5abe74cafa125adb105bd9e7, type: 3}
      propertyPath: m_AnchoredPosition.x
      value: 0
      objectReference: {fileID: 0}
    - target: {fileID: 4303838936546711978, guid: 2369fdee5abe74cafa125adb105bd9e7, type: 3}
      propertyPath: m_AnchoredPosition.y
      value: 0
      objectReference: {fileID: 0}
    - target: {fileID: 4303838936546711978, guid: 2369fdee5abe74cafa125adb105bd9e7, type: 3}
      propertyPath: m_SizeDelta.x
      value: 0
      objectReference: {fileID: 0}
    - target: {fileID: 4303838936546711978, guid: 2369fdee5abe74cafa125adb105bd9e7, type: 3}
      propertyPath: m_SizeDelta.y
      value: 0
      objectReference: {fileID: 0}
    - target: {fileID: 4350494004524849311, guid: 2369fdee5abe74cafa125adb105bd9e7, type: 3}
      propertyPath: m_AnchorMin.y
      value: 0
      objectReference: {fileID: 0}
    - target: {fileID: 4350494004524849311, guid: 2369fdee5abe74cafa125adb105bd9e7, type: 3}
      propertyPath: m_AnchorMax.y
      value: 0
      objectReference: {fileID: 0}
    - target: {fileID: 4350494004524849311, guid: 2369fdee5abe74cafa125adb105bd9e7, type: 3}
      propertyPath: m_AnchoredPosition.x
      value: 0
      objectReference: {fileID: 0}
    - target: {fileID: 4350494004524849311, guid: 2369fdee5abe74cafa125adb105bd9e7, type: 3}
      propertyPath: m_AnchoredPosition.y
      value: 0
      objectReference: {fileID: 0}
    - target: {fileID: 4350494004524849311, guid: 2369fdee5abe74cafa125adb105bd9e7, type: 3}
      propertyPath: m_SizeDelta.x
      value: 0
      objectReference: {fileID: 0}
    - target: {fileID: 4350494004524849311, guid: 2369fdee5abe74cafa125adb105bd9e7, type: 3}
      propertyPath: m_SizeDelta.y
      value: 0
      objectReference: {fileID: 0}
    - target: {fileID: 4635536470940768520, guid: 2369fdee5abe74cafa125adb105bd9e7, type: 3}
      propertyPath: m_AnchorMin.y
      value: 0
      objectReference: {fileID: 0}
    - target: {fileID: 4635536470940768520, guid: 2369fdee5abe74cafa125adb105bd9e7, type: 3}
      propertyPath: m_AnchorMax.y
      value: 0
      objectReference: {fileID: 0}
    - target: {fileID: 4635536470940768520, guid: 2369fdee5abe74cafa125adb105bd9e7, type: 3}
      propertyPath: m_AnchoredPosition.x
      value: 0
      objectReference: {fileID: 0}
    - target: {fileID: 4635536470940768520, guid: 2369fdee5abe74cafa125adb105bd9e7, type: 3}
      propertyPath: m_AnchoredPosition.y
      value: 0
      objectReference: {fileID: 0}
    - target: {fileID: 4635536470940768520, guid: 2369fdee5abe74cafa125adb105bd9e7, type: 3}
      propertyPath: m_SizeDelta.x
      value: 0
      objectReference: {fileID: 0}
    - target: {fileID: 4635536470940768520, guid: 2369fdee5abe74cafa125adb105bd9e7, type: 3}
      propertyPath: m_SizeDelta.y
      value: 0
      objectReference: {fileID: 0}
    - target: {fileID: 4836204675802817758, guid: 2369fdee5abe74cafa125adb105bd9e7, type: 3}
      propertyPath: m_AnchorMin.y
      value: 0
      objectReference: {fileID: 0}
    - target: {fileID: 4836204675802817758, guid: 2369fdee5abe74cafa125adb105bd9e7, type: 3}
      propertyPath: m_AnchorMax.y
      value: 0
      objectReference: {fileID: 0}
    - target: {fileID: 4836204675802817758, guid: 2369fdee5abe74cafa125adb105bd9e7, type: 3}
      propertyPath: m_AnchoredPosition.x
      value: 0
      objectReference: {fileID: 0}
    - target: {fileID: 4836204675802817758, guid: 2369fdee5abe74cafa125adb105bd9e7, type: 3}
      propertyPath: m_AnchoredPosition.y
      value: 0
      objectReference: {fileID: 0}
    - target: {fileID: 4836204675802817758, guid: 2369fdee5abe74cafa125adb105bd9e7, type: 3}
      propertyPath: m_SizeDelta.x
      value: 0
      objectReference: {fileID: 0}
    - target: {fileID: 4836204675802817758, guid: 2369fdee5abe74cafa125adb105bd9e7, type: 3}
      propertyPath: m_SizeDelta.y
      value: 0
      objectReference: {fileID: 0}
    - target: {fileID: 5048370328629403959, guid: 2369fdee5abe74cafa125adb105bd9e7, type: 3}
      propertyPath: m_AnchorMin.y
      value: 0
      objectReference: {fileID: 0}
    - target: {fileID: 5048370328629403959, guid: 2369fdee5abe74cafa125adb105bd9e7, type: 3}
      propertyPath: m_AnchorMax.y
      value: 0
      objectReference: {fileID: 0}
    - target: {fileID: 5048370328629403959, guid: 2369fdee5abe74cafa125adb105bd9e7, type: 3}
      propertyPath: m_AnchoredPosition.x
      value: 0
      objectReference: {fileID: 0}
    - target: {fileID: 5048370328629403959, guid: 2369fdee5abe74cafa125adb105bd9e7, type: 3}
      propertyPath: m_AnchoredPosition.y
      value: 0
      objectReference: {fileID: 0}
    - target: {fileID: 5055833158525746834, guid: 2369fdee5abe74cafa125adb105bd9e7, type: 3}
      propertyPath: m_AnchorMin.y
      value: 0
      objectReference: {fileID: 0}
    - target: {fileID: 5055833158525746834, guid: 2369fdee5abe74cafa125adb105bd9e7, type: 3}
      propertyPath: m_AnchorMax.y
      value: 0
      objectReference: {fileID: 0}
    - target: {fileID: 5055833158525746834, guid: 2369fdee5abe74cafa125adb105bd9e7, type: 3}
      propertyPath: m_AnchoredPosition.x
      value: 0
      objectReference: {fileID: 0}
    - target: {fileID: 5055833158525746834, guid: 2369fdee5abe74cafa125adb105bd9e7, type: 3}
      propertyPath: m_AnchoredPosition.y
      value: 0
      objectReference: {fileID: 0}
    - target: {fileID: 5055833158525746834, guid: 2369fdee5abe74cafa125adb105bd9e7, type: 3}
      propertyPath: m_SizeDelta.x
      value: 0
      objectReference: {fileID: 0}
    - target: {fileID: 5055833158525746834, guid: 2369fdee5abe74cafa125adb105bd9e7, type: 3}
      propertyPath: m_SizeDelta.y
      value: 0
      objectReference: {fileID: 0}
    - target: {fileID: 5117872123193704746, guid: 2369fdee5abe74cafa125adb105bd9e7, type: 3}
      propertyPath: m_AnchorMin.y
      value: 0
      objectReference: {fileID: 0}
    - target: {fileID: 5117872123193704746, guid: 2369fdee5abe74cafa125adb105bd9e7, type: 3}
      propertyPath: m_AnchorMax.y
      value: 0
      objectReference: {fileID: 0}
    - target: {fileID: 5117872123193704746, guid: 2369fdee5abe74cafa125adb105bd9e7, type: 3}
      propertyPath: m_AnchoredPosition.x
      value: 0
      objectReference: {fileID: 0}
    - target: {fileID: 5117872123193704746, guid: 2369fdee5abe74cafa125adb105bd9e7, type: 3}
      propertyPath: m_AnchoredPosition.y
      value: 0
      objectReference: {fileID: 0}
    - target: {fileID: 5117872123193704746, guid: 2369fdee5abe74cafa125adb105bd9e7, type: 3}
      propertyPath: m_SizeDelta.x
      value: 0
      objectReference: {fileID: 0}
    - target: {fileID: 5117872123193704746, guid: 2369fdee5abe74cafa125adb105bd9e7, type: 3}
      propertyPath: m_SizeDelta.y
      value: 0
      objectReference: {fileID: 0}
    - target: {fileID: 5305987131552372999, guid: 2369fdee5abe74cafa125adb105bd9e7, type: 3}
      propertyPath: m_AnchorMin.y
      value: 0
      objectReference: {fileID: 0}
    - target: {fileID: 5305987131552372999, guid: 2369fdee5abe74cafa125adb105bd9e7, type: 3}
      propertyPath: m_AnchorMax.y
      value: 0
      objectReference: {fileID: 0}
    - target: {fileID: 5305987131552372999, guid: 2369fdee5abe74cafa125adb105bd9e7, type: 3}
      propertyPath: m_AnchoredPosition.x
      value: 0
      objectReference: {fileID: 0}
    - target: {fileID: 5305987131552372999, guid: 2369fdee5abe74cafa125adb105bd9e7, type: 3}
      propertyPath: m_AnchoredPosition.y
      value: 0
      objectReference: {fileID: 0}
    - target: {fileID: 5305987131552372999, guid: 2369fdee5abe74cafa125adb105bd9e7, type: 3}
      propertyPath: m_SizeDelta.x
      value: 0
      objectReference: {fileID: 0}
    - target: {fileID: 5305987131552372999, guid: 2369fdee5abe74cafa125adb105bd9e7, type: 3}
      propertyPath: m_SizeDelta.y
      value: 0
      objectReference: {fileID: 0}
    - target: {fileID: 5983364006515841878, guid: 2369fdee5abe74cafa125adb105bd9e7, type: 3}
      propertyPath: m_AnchorMin.y
      value: 0
      objectReference: {fileID: 0}
    - target: {fileID: 5983364006515841878, guid: 2369fdee5abe74cafa125adb105bd9e7, type: 3}
      propertyPath: m_AnchorMax.y
      value: 0
      objectReference: {fileID: 0}
    - target: {fileID: 5983364006515841878, guid: 2369fdee5abe74cafa125adb105bd9e7, type: 3}
      propertyPath: m_AnchoredPosition.x
      value: 0
      objectReference: {fileID: 0}
    - target: {fileID: 5983364006515841878, guid: 2369fdee5abe74cafa125adb105bd9e7, type: 3}
      propertyPath: m_AnchoredPosition.y
      value: 0
      objectReference: {fileID: 0}
    - target: {fileID: 5983364006515841878, guid: 2369fdee5abe74cafa125adb105bd9e7, type: 3}
      propertyPath: m_SizeDelta.x
      value: 0
      objectReference: {fileID: 0}
    - target: {fileID: 5983364006515841878, guid: 2369fdee5abe74cafa125adb105bd9e7, type: 3}
      propertyPath: m_SizeDelta.y
      value: 0
      objectReference: {fileID: 0}
    - target: {fileID: 6207342589738207723, guid: 2369fdee5abe74cafa125adb105bd9e7, type: 3}
      propertyPath: m_AnchorMin.y
      value: 0
      objectReference: {fileID: 0}
    - target: {fileID: 6207342589738207723, guid: 2369fdee5abe74cafa125adb105bd9e7, type: 3}
      propertyPath: m_AnchorMax.y
      value: 0
      objectReference: {fileID: 0}
    - target: {fileID: 6207342589738207723, guid: 2369fdee5abe74cafa125adb105bd9e7, type: 3}
      propertyPath: m_AnchoredPosition.x
      value: 0
      objectReference: {fileID: 0}
    - target: {fileID: 6207342589738207723, guid: 2369fdee5abe74cafa125adb105bd9e7, type: 3}
      propertyPath: m_AnchoredPosition.y
      value: 0
      objectReference: {fileID: 0}
    - target: {fileID: 6207342589738207723, guid: 2369fdee5abe74cafa125adb105bd9e7, type: 3}
      propertyPath: m_SizeDelta.x
      value: 0
      objectReference: {fileID: 0}
    - target: {fileID: 6207342589738207723, guid: 2369fdee5abe74cafa125adb105bd9e7, type: 3}
      propertyPath: m_SizeDelta.y
      value: 0
      objectReference: {fileID: 0}
    - target: {fileID: 6415925323381434915, guid: 2369fdee5abe74cafa125adb105bd9e7, type: 3}
      propertyPath: m_AnchorMin.y
      value: 0
      objectReference: {fileID: 0}
    - target: {fileID: 6415925323381434915, guid: 2369fdee5abe74cafa125adb105bd9e7, type: 3}
      propertyPath: m_AnchorMax.y
      value: 0
      objectReference: {fileID: 0}
    - target: {fileID: 6415925323381434915, guid: 2369fdee5abe74cafa125adb105bd9e7, type: 3}
      propertyPath: m_AnchoredPosition.x
      value: 0
      objectReference: {fileID: 0}
    - target: {fileID: 6415925323381434915, guid: 2369fdee5abe74cafa125adb105bd9e7, type: 3}
      propertyPath: m_AnchoredPosition.y
      value: 0
      objectReference: {fileID: 0}
    - target: {fileID: 6415925323381434915, guid: 2369fdee5abe74cafa125adb105bd9e7, type: 3}
      propertyPath: m_SizeDelta.x
      value: 0
      objectReference: {fileID: 0}
    - target: {fileID: 6415925323381434915, guid: 2369fdee5abe74cafa125adb105bd9e7, type: 3}
      propertyPath: m_SizeDelta.y
      value: 0
      objectReference: {fileID: 0}
    - target: {fileID: 6571450099970972927, guid: 2369fdee5abe74cafa125adb105bd9e7, type: 3}
      propertyPath: m_AnchorMin.y
      value: 0
      objectReference: {fileID: 0}
    - target: {fileID: 6571450099970972927, guid: 2369fdee5abe74cafa125adb105bd9e7, type: 3}
      propertyPath: m_AnchorMax.y
      value: 0
      objectReference: {fileID: 0}
    - target: {fileID: 6571450099970972927, guid: 2369fdee5abe74cafa125adb105bd9e7, type: 3}
      propertyPath: m_AnchoredPosition.x
      value: 0
      objectReference: {fileID: 0}
    - target: {fileID: 6571450099970972927, guid: 2369fdee5abe74cafa125adb105bd9e7, type: 3}
      propertyPath: m_AnchoredPosition.y
      value: 0
      objectReference: {fileID: 0}
    - target: {fileID: 6571450099970972927, guid: 2369fdee5abe74cafa125adb105bd9e7, type: 3}
      propertyPath: m_SizeDelta.x
      value: 0
      objectReference: {fileID: 0}
    - target: {fileID: 6571450099970972927, guid: 2369fdee5abe74cafa125adb105bd9e7, type: 3}
      propertyPath: m_SizeDelta.y
      value: 0
      objectReference: {fileID: 0}
    - target: {fileID: 6821392815571754559, guid: 2369fdee5abe74cafa125adb105bd9e7, type: 3}
      propertyPath: m_AnchorMin.y
      value: 0
      objectReference: {fileID: 0}
    - target: {fileID: 6821392815571754559, guid: 2369fdee5abe74cafa125adb105bd9e7, type: 3}
      propertyPath: m_AnchorMax.y
      value: 0
      objectReference: {fileID: 0}
    - target: {fileID: 6821392815571754559, guid: 2369fdee5abe74cafa125adb105bd9e7, type: 3}
      propertyPath: m_AnchoredPosition.x
      value: 0
      objectReference: {fileID: 0}
    - target: {fileID: 6821392815571754559, guid: 2369fdee5abe74cafa125adb105bd9e7, type: 3}
      propertyPath: m_AnchoredPosition.y
      value: 0
      objectReference: {fileID: 0}
    - target: {fileID: 6821392815571754559, guid: 2369fdee5abe74cafa125adb105bd9e7, type: 3}
      propertyPath: m_SizeDelta.x
      value: 0
      objectReference: {fileID: 0}
    - target: {fileID: 6821392815571754559, guid: 2369fdee5abe74cafa125adb105bd9e7, type: 3}
      propertyPath: m_SizeDelta.y
      value: 0
      objectReference: {fileID: 0}
    - target: {fileID: 7150849702791095803, guid: 2369fdee5abe74cafa125adb105bd9e7, type: 3}
      propertyPath: m_AnchorMin.y
      value: 0
      objectReference: {fileID: 0}
    - target: {fileID: 7150849702791095803, guid: 2369fdee5abe74cafa125adb105bd9e7, type: 3}
      propertyPath: m_AnchorMax.y
      value: 0
      objectReference: {fileID: 0}
    - target: {fileID: 7150849702791095803, guid: 2369fdee5abe74cafa125adb105bd9e7, type: 3}
      propertyPath: m_AnchoredPosition.x
      value: 0
      objectReference: {fileID: 0}
    - target: {fileID: 7150849702791095803, guid: 2369fdee5abe74cafa125adb105bd9e7, type: 3}
      propertyPath: m_AnchoredPosition.y
      value: 0
      objectReference: {fileID: 0}
    - target: {fileID: 7482117148407018356, guid: 2369fdee5abe74cafa125adb105bd9e7, type: 3}
      propertyPath: m_AnchorMin.y
      value: 0
      objectReference: {fileID: 0}
    - target: {fileID: 7482117148407018356, guid: 2369fdee5abe74cafa125adb105bd9e7, type: 3}
      propertyPath: m_AnchorMax.y
      value: 0
      objectReference: {fileID: 0}
    - target: {fileID: 7482117148407018356, guid: 2369fdee5abe74cafa125adb105bd9e7, type: 3}
      propertyPath: m_AnchoredPosition.x
      value: 0
      objectReference: {fileID: 0}
    - target: {fileID: 7482117148407018356, guid: 2369fdee5abe74cafa125adb105bd9e7, type: 3}
      propertyPath: m_AnchoredPosition.y
      value: 0
      objectReference: {fileID: 0}
    - target: {fileID: 7482117148407018356, guid: 2369fdee5abe74cafa125adb105bd9e7, type: 3}
      propertyPath: m_SizeDelta.x
      value: 0
      objectReference: {fileID: 0}
    - target: {fileID: 7482117148407018356, guid: 2369fdee5abe74cafa125adb105bd9e7, type: 3}
      propertyPath: m_SizeDelta.y
      value: 0
      objectReference: {fileID: 0}
    - target: {fileID: 7645991988968876182, guid: 2369fdee5abe74cafa125adb105bd9e7, type: 3}
      propertyPath: m_AnchorMin.y
      value: 0
      objectReference: {fileID: 0}
    - target: {fileID: 7645991988968876182, guid: 2369fdee5abe74cafa125adb105bd9e7, type: 3}
      propertyPath: m_AnchorMax.y
      value: 0
      objectReference: {fileID: 0}
    - target: {fileID: 7645991988968876182, guid: 2369fdee5abe74cafa125adb105bd9e7, type: 3}
      propertyPath: m_AnchoredPosition.x
      value: 0
      objectReference: {fileID: 0}
    - target: {fileID: 7645991988968876182, guid: 2369fdee5abe74cafa125adb105bd9e7, type: 3}
      propertyPath: m_AnchoredPosition.y
      value: 0
      objectReference: {fileID: 0}
    - target: {fileID: 7645991988968876182, guid: 2369fdee5abe74cafa125adb105bd9e7, type: 3}
      propertyPath: m_SizeDelta.x
      value: 0
      objectReference: {fileID: 0}
    - target: {fileID: 7645991988968876182, guid: 2369fdee5abe74cafa125adb105bd9e7, type: 3}
      propertyPath: m_SizeDelta.y
      value: 0
      objectReference: {fileID: 0}
    - target: {fileID: 7693439385632750304, guid: 2369fdee5abe74cafa125adb105bd9e7, type: 3}
      propertyPath: m_AnchorMin.y
      value: 0
      objectReference: {fileID: 0}
    - target: {fileID: 7693439385632750304, guid: 2369fdee5abe74cafa125adb105bd9e7, type: 3}
      propertyPath: m_AnchorMax.y
      value: 0
      objectReference: {fileID: 0}
    - target: {fileID: 7693439385632750304, guid: 2369fdee5abe74cafa125adb105bd9e7, type: 3}
      propertyPath: m_AnchoredPosition.x
      value: 0
      objectReference: {fileID: 0}
    - target: {fileID: 7693439385632750304, guid: 2369fdee5abe74cafa125adb105bd9e7, type: 3}
      propertyPath: m_AnchoredPosition.y
      value: 0
      objectReference: {fileID: 0}
    - target: {fileID: 7693439385632750304, guid: 2369fdee5abe74cafa125adb105bd9e7, type: 3}
      propertyPath: m_SizeDelta.x
      value: 0
      objectReference: {fileID: 0}
    - target: {fileID: 7693439385632750304, guid: 2369fdee5abe74cafa125adb105bd9e7, type: 3}
      propertyPath: m_SizeDelta.y
      value: 0
      objectReference: {fileID: 0}
    - target: {fileID: 7797555044876829323, guid: 2369fdee5abe74cafa125adb105bd9e7, type: 3}
      propertyPath: m_AnchorMin.y
      value: 0
      objectReference: {fileID: 0}
    - target: {fileID: 7797555044876829323, guid: 2369fdee5abe74cafa125adb105bd9e7, type: 3}
      propertyPath: m_AnchorMax.y
      value: 0
      objectReference: {fileID: 0}
    - target: {fileID: 7797555044876829323, guid: 2369fdee5abe74cafa125adb105bd9e7, type: 3}
      propertyPath: m_AnchoredPosition.x
      value: 0
      objectReference: {fileID: 0}
    - target: {fileID: 7797555044876829323, guid: 2369fdee5abe74cafa125adb105bd9e7, type: 3}
      propertyPath: m_AnchoredPosition.y
      value: 0
      objectReference: {fileID: 0}
    - target: {fileID: 7797555044876829323, guid: 2369fdee5abe74cafa125adb105bd9e7, type: 3}
      propertyPath: m_SizeDelta.x
      value: 0
      objectReference: {fileID: 0}
    - target: {fileID: 7797555044876829323, guid: 2369fdee5abe74cafa125adb105bd9e7, type: 3}
      propertyPath: m_SizeDelta.y
      value: 0
      objectReference: {fileID: 0}
    - target: {fileID: 7975719802315023504, guid: 2369fdee5abe74cafa125adb105bd9e7, type: 3}
      propertyPath: m_AnchorMin.y
      value: 0
      objectReference: {fileID: 0}
    - target: {fileID: 7975719802315023504, guid: 2369fdee5abe74cafa125adb105bd9e7, type: 3}
      propertyPath: m_AnchorMax.y
      value: 0
      objectReference: {fileID: 0}
    - target: {fileID: 7975719802315023504, guid: 2369fdee5abe74cafa125adb105bd9e7, type: 3}
      propertyPath: m_AnchoredPosition.x
      value: 0
      objectReference: {fileID: 0}
    - target: {fileID: 7975719802315023504, guid: 2369fdee5abe74cafa125adb105bd9e7, type: 3}
      propertyPath: m_AnchoredPosition.y
      value: 0
      objectReference: {fileID: 0}
    - target: {fileID: 8096600114111951006, guid: 2369fdee5abe74cafa125adb105bd9e7, type: 3}
      propertyPath: m_AnchorMin.y
      value: 0
      objectReference: {fileID: 0}
    - target: {fileID: 8096600114111951006, guid: 2369fdee5abe74cafa125adb105bd9e7, type: 3}
      propertyPath: m_AnchorMax.y
      value: 0
      objectReference: {fileID: 0}
    - target: {fileID: 8096600114111951006, guid: 2369fdee5abe74cafa125adb105bd9e7, type: 3}
      propertyPath: m_AnchoredPosition.x
      value: 0
      objectReference: {fileID: 0}
    - target: {fileID: 8096600114111951006, guid: 2369fdee5abe74cafa125adb105bd9e7, type: 3}
      propertyPath: m_AnchoredPosition.y
      value: 0
      objectReference: {fileID: 0}
    - target: {fileID: 8096600114111951006, guid: 2369fdee5abe74cafa125adb105bd9e7, type: 3}
      propertyPath: m_SizeDelta.x
      value: 0
      objectReference: {fileID: 0}
    - target: {fileID: 8096600114111951006, guid: 2369fdee5abe74cafa125adb105bd9e7, type: 3}
      propertyPath: m_SizeDelta.y
      value: 0
      objectReference: {fileID: 0}
    - target: {fileID: 8486306455336692872, guid: 2369fdee5abe74cafa125adb105bd9e7, type: 3}
      propertyPath: m_AnchorMin.y
      value: 0
      objectReference: {fileID: 0}
    - target: {fileID: 8486306455336692872, guid: 2369fdee5abe74cafa125adb105bd9e7, type: 3}
      propertyPath: m_AnchorMax.y
      value: 0
      objectReference: {fileID: 0}
    - target: {fileID: 8486306455336692872, guid: 2369fdee5abe74cafa125adb105bd9e7, type: 3}
      propertyPath: m_AnchoredPosition.x
      value: 0
      objectReference: {fileID: 0}
    - target: {fileID: 8486306455336692872, guid: 2369fdee5abe74cafa125adb105bd9e7, type: 3}
      propertyPath: m_AnchoredPosition.y
      value: 0
      objectReference: {fileID: 0}
    - target: {fileID: 8486306455336692872, guid: 2369fdee5abe74cafa125adb105bd9e7, type: 3}
      propertyPath: m_SizeDelta.x
      value: 0
      objectReference: {fileID: 0}
    - target: {fileID: 8486306455336692872, guid: 2369fdee5abe74cafa125adb105bd9e7, type: 3}
      propertyPath: m_SizeDelta.y
      value: 0
      objectReference: {fileID: 0}
    - target: {fileID: 8495529139515345578, guid: 2369fdee5abe74cafa125adb105bd9e7, type: 3}
      propertyPath: m_Name
      value: InventoryPanel
      objectReference: {fileID: 0}
    - target: {fileID: 8495529139515345581, guid: 2369fdee5abe74cafa125adb105bd9e7, type: 3}
      propertyPath: m_LocalPosition.x
      value: 0
      objectReference: {fileID: 0}
    - target: {fileID: 8495529139515345581, guid: 2369fdee5abe74cafa125adb105bd9e7, type: 3}
      propertyPath: m_LocalPosition.y
      value: 0
      objectReference: {fileID: 0}
    - target: {fileID: 8495529139515345581, guid: 2369fdee5abe74cafa125adb105bd9e7, type: 3}
      propertyPath: m_LocalPosition.z
      value: 0
      objectReference: {fileID: 0}
    - target: {fileID: 8495529139515345581, guid: 2369fdee5abe74cafa125adb105bd9e7, type: 3}
      propertyPath: m_LocalRotation.x
      value: 0
      objectReference: {fileID: 0}
    - target: {fileID: 8495529139515345581, guid: 2369fdee5abe74cafa125adb105bd9e7, type: 3}
      propertyPath: m_LocalRotation.y
      value: 0
      objectReference: {fileID: 0}
    - target: {fileID: 8495529139515345581, guid: 2369fdee5abe74cafa125adb105bd9e7, type: 3}
      propertyPath: m_LocalRotation.z
      value: 0
      objectReference: {fileID: 0}
    - target: {fileID: 8495529139515345581, guid: 2369fdee5abe74cafa125adb105bd9e7, type: 3}
      propertyPath: m_LocalRotation.w
      value: 1
      objectReference: {fileID: 0}
    - target: {fileID: 8495529139515345581, guid: 2369fdee5abe74cafa125adb105bd9e7, type: 3}
      propertyPath: m_RootOrder
      value: 3
      objectReference: {fileID: 0}
    - target: {fileID: 8495529139515345581, guid: 2369fdee5abe74cafa125adb105bd9e7, type: 3}
      propertyPath: m_LocalEulerAnglesHint.x
      value: 0
      objectReference: {fileID: 0}
    - target: {fileID: 8495529139515345581, guid: 2369fdee5abe74cafa125adb105bd9e7, type: 3}
      propertyPath: m_LocalEulerAnglesHint.y
      value: 0
      objectReference: {fileID: 0}
    - target: {fileID: 8495529139515345581, guid: 2369fdee5abe74cafa125adb105bd9e7, type: 3}
      propertyPath: m_LocalEulerAnglesHint.z
      value: 0
      objectReference: {fileID: 0}
    - target: {fileID: 8495529139515345581, guid: 2369fdee5abe74cafa125adb105bd9e7, type: 3}
      propertyPath: m_AnchoredPosition.x
      value: 0
      objectReference: {fileID: 0}
    - target: {fileID: 8495529139515345581, guid: 2369fdee5abe74cafa125adb105bd9e7, type: 3}
      propertyPath: m_AnchoredPosition.y
      value: 0
      objectReference: {fileID: 0}
    - target: {fileID: 8495529139515345581, guid: 2369fdee5abe74cafa125adb105bd9e7, type: 3}
      propertyPath: m_SizeDelta.x
      value: 0
      objectReference: {fileID: 0}
    - target: {fileID: 8495529139515345581, guid: 2369fdee5abe74cafa125adb105bd9e7, type: 3}
      propertyPath: m_SizeDelta.y
      value: 0
      objectReference: {fileID: 0}
    - target: {fileID: 8495529139515345581, guid: 2369fdee5abe74cafa125adb105bd9e7, type: 3}
      propertyPath: m_AnchorMin.x
      value: 0
      objectReference: {fileID: 0}
    - target: {fileID: 8495529139515345581, guid: 2369fdee5abe74cafa125adb105bd9e7, type: 3}
      propertyPath: m_AnchorMin.y
      value: 0
      objectReference: {fileID: 0}
    - target: {fileID: 8495529139515345581, guid: 2369fdee5abe74cafa125adb105bd9e7, type: 3}
      propertyPath: m_AnchorMax.x
      value: 1
      objectReference: {fileID: 0}
    - target: {fileID: 8495529139515345581, guid: 2369fdee5abe74cafa125adb105bd9e7, type: 3}
      propertyPath: m_AnchorMax.y
      value: 1
      objectReference: {fileID: 0}
    - target: {fileID: 8495529139515345581, guid: 2369fdee5abe74cafa125adb105bd9e7, type: 3}
      propertyPath: m_Pivot.x
      value: 0.5
      objectReference: {fileID: 0}
    - target: {fileID: 8495529139515345581, guid: 2369fdee5abe74cafa125adb105bd9e7, type: 3}
      propertyPath: m_Pivot.y
      value: 0.5
      objectReference: {fileID: 0}
    m_RemovedComponents: []
  m_SourcePrefab: {fileID: 100100000, guid: 2369fdee5abe74cafa125adb105bd9e7, type: 3}
--- !u!224 &2537341487494055871 stripped
RectTransform:
  m_CorrespondingSourceObject: {fileID: 8495529139515345581, guid: 2369fdee5abe74cafa125adb105bd9e7, type: 3}
  m_PrefabInstance: {fileID: 6255601166474480914}
  m_PrefabAsset: {fileID: 0}
--- !u!1001 &6255601167651182113
PrefabInstance:
  m_ObjectHideFlags: 0
  serializedVersion: 2
  m_Modification:
    m_TransformParent: {fileID: 6255601168124694160}
    m_Modifications:
    - target: {fileID: 19972715, guid: 3bcde301d014343e2860f9765b197aec, type: 3}
      propertyPath: m_SizeDelta.y
      value: -287
      objectReference: {fileID: 0}
    - target: {fileID: 1547775508, guid: 3bcde301d014343e2860f9765b197aec, type: 3}
      propertyPath: m_AnchorMax.y
      value: 1
      objectReference: {fileID: 0}
    - target: {fileID: 1877514555, guid: 3bcde301d014343e2860f9765b197aec, type: 3}
      propertyPath: m_AnchorMax.y
      value: 1
      objectReference: {fileID: 0}
    - target: {fileID: 986501836445605309, guid: 3bcde301d014343e2860f9765b197aec, type: 3}
      propertyPath: m_AnchorMin.y
      value: 1
      objectReference: {fileID: 0}
    - target: {fileID: 986501836445605309, guid: 3bcde301d014343e2860f9765b197aec, type: 3}
      propertyPath: m_AnchorMax.y
      value: 1
      objectReference: {fileID: 0}
    - target: {fileID: 986501836445605309, guid: 3bcde301d014343e2860f9765b197aec, type: 3}
      propertyPath: m_AnchoredPosition.x
      value: 84.25
      objectReference: {fileID: 0}
    - target: {fileID: 986501836445605309, guid: 3bcde301d014343e2860f9765b197aec, type: 3}
      propertyPath: m_AnchoredPosition.y
      value: -35
      objectReference: {fileID: 0}
    - target: {fileID: 2227280531040058753, guid: 3bcde301d014343e2860f9765b197aec, type: 3}
      propertyPath: m_Enabled
      value: 0
      objectReference: {fileID: 0}
    - target: {fileID: 2227280531040058753, guid: 3bcde301d014343e2860f9765b197aec, type: 3}
      propertyPath: m_Material
      value: 
      objectReference: {fileID: 2100000, guid: 756073c1e18ec47888a7abccd853cfea, type: 2}
    - target: {fileID: 2227280531040058764, guid: 3bcde301d014343e2860f9765b197aec, type: 3}
      propertyPath: m_Name
      value: SettingWindow
      objectReference: {fileID: 0}
    - target: {fileID: 2227280531040058767, guid: 3bcde301d014343e2860f9765b197aec, type: 3}
      propertyPath: m_LocalPosition.x
      value: 0
      objectReference: {fileID: 0}
    - target: {fileID: 2227280531040058767, guid: 3bcde301d014343e2860f9765b197aec, type: 3}
      propertyPath: m_LocalPosition.y
      value: 0
      objectReference: {fileID: 0}
    - target: {fileID: 2227280531040058767, guid: 3bcde301d014343e2860f9765b197aec, type: 3}
      propertyPath: m_LocalPosition.z
      value: 0
      objectReference: {fileID: 0}
    - target: {fileID: 2227280531040058767, guid: 3bcde301d014343e2860f9765b197aec, type: 3}
      propertyPath: m_LocalRotation.x
      value: 0
      objectReference: {fileID: 0}
    - target: {fileID: 2227280531040058767, guid: 3bcde301d014343e2860f9765b197aec, type: 3}
      propertyPath: m_LocalRotation.y
      value: 0
      objectReference: {fileID: 0}
    - target: {fileID: 2227280531040058767, guid: 3bcde301d014343e2860f9765b197aec, type: 3}
      propertyPath: m_LocalRotation.z
      value: 0
      objectReference: {fileID: 0}
    - target: {fileID: 2227280531040058767, guid: 3bcde301d014343e2860f9765b197aec, type: 3}
      propertyPath: m_LocalRotation.w
      value: 1
      objectReference: {fileID: 0}
    - target: {fileID: 2227280531040058767, guid: 3bcde301d014343e2860f9765b197aec, type: 3}
      propertyPath: m_RootOrder
      value: 4
      objectReference: {fileID: 0}
    - target: {fileID: 2227280531040058767, guid: 3bcde301d014343e2860f9765b197aec, type: 3}
      propertyPath: m_LocalEulerAnglesHint.x
      value: 0
      objectReference: {fileID: 0}
    - target: {fileID: 2227280531040058767, guid: 3bcde301d014343e2860f9765b197aec, type: 3}
      propertyPath: m_LocalEulerAnglesHint.y
      value: 0
      objectReference: {fileID: 0}
    - target: {fileID: 2227280531040058767, guid: 3bcde301d014343e2860f9765b197aec, type: 3}
      propertyPath: m_LocalEulerAnglesHint.z
      value: 0
      objectReference: {fileID: 0}
    - target: {fileID: 2227280531040058767, guid: 3bcde301d014343e2860f9765b197aec, type: 3}
      propertyPath: m_AnchoredPosition.x
      value: 0
      objectReference: {fileID: 0}
    - target: {fileID: 2227280531040058767, guid: 3bcde301d014343e2860f9765b197aec, type: 3}
      propertyPath: m_AnchoredPosition.y
      value: 0
      objectReference: {fileID: 0}
    - target: {fileID: 2227280531040058767, guid: 3bcde301d014343e2860f9765b197aec, type: 3}
      propertyPath: m_SizeDelta.x
      value: 0
      objectReference: {fileID: 0}
    - target: {fileID: 2227280531040058767, guid: 3bcde301d014343e2860f9765b197aec, type: 3}
      propertyPath: m_SizeDelta.y
      value: 0
      objectReference: {fileID: 0}
    - target: {fileID: 2227280531040058767, guid: 3bcde301d014343e2860f9765b197aec, type: 3}
      propertyPath: m_AnchorMin.x
      value: 0
      objectReference: {fileID: 0}
    - target: {fileID: 2227280531040058767, guid: 3bcde301d014343e2860f9765b197aec, type: 3}
      propertyPath: m_AnchorMin.y
      value: 0
      objectReference: {fileID: 0}
    - target: {fileID: 2227280531040058767, guid: 3bcde301d014343e2860f9765b197aec, type: 3}
      propertyPath: m_AnchorMax.x
      value: 1
      objectReference: {fileID: 0}
    - target: {fileID: 2227280531040058767, guid: 3bcde301d014343e2860f9765b197aec, type: 3}
      propertyPath: m_AnchorMax.y
      value: 1
      objectReference: {fileID: 0}
    - target: {fileID: 2227280531040058767, guid: 3bcde301d014343e2860f9765b197aec, type: 3}
      propertyPath: m_Pivot.x
      value: 0.5
      objectReference: {fileID: 0}
    - target: {fileID: 2227280531040058767, guid: 3bcde301d014343e2860f9765b197aec, type: 3}
      propertyPath: m_Pivot.y
      value: 0.5
      objectReference: {fileID: 0}
    - target: {fileID: 2227280531855590113, guid: 3bcde301d014343e2860f9765b197aec, type: 3}
      propertyPath: m_IsActive
      value: 0
      objectReference: {fileID: 0}
    - target: {fileID: 3351509824993911484, guid: 3bcde301d014343e2860f9765b197aec, type: 3}
      propertyPath: m_AnchorMin.y
      value: 1
      objectReference: {fileID: 0}
    - target: {fileID: 3351509824993911484, guid: 3bcde301d014343e2860f9765b197aec, type: 3}
      propertyPath: m_AnchorMax.y
      value: 1
      objectReference: {fileID: 0}
    - target: {fileID: 3351509824993911484, guid: 3bcde301d014343e2860f9765b197aec, type: 3}
      propertyPath: m_AnchoredPosition.x
      value: 298.5
      objectReference: {fileID: 0}
    - target: {fileID: 3351509824993911484, guid: 3bcde301d014343e2860f9765b197aec, type: 3}
      propertyPath: m_AnchoredPosition.y
      value: -115
      objectReference: {fileID: 0}
    - target: {fileID: 3351509824993911484, guid: 3bcde301d014343e2860f9765b197aec, type: 3}
      propertyPath: m_SizeDelta.x
      value: 597
      objectReference: {fileID: 0}
    - target: {fileID: 3983681889757548795, guid: 3bcde301d014343e2860f9765b197aec, type: 3}
      propertyPath: m_AnchorMin.y
      value: 1
      objectReference: {fileID: 0}
    - target: {fileID: 3983681889757548795, guid: 3bcde301d014343e2860f9765b197aec, type: 3}
      propertyPath: m_AnchorMax.y
      value: 1
      objectReference: {fileID: 0}
    - target: {fileID: 3983681889757548795, guid: 3bcde301d014343e2860f9765b197aec, type: 3}
      propertyPath: m_AnchoredPosition.x
      value: 392.75
      objectReference: {fileID: 0}
    - target: {fileID: 3983681889757548795, guid: 3bcde301d014343e2860f9765b197aec, type: 3}
      propertyPath: m_AnchoredPosition.y
      value: -35
      objectReference: {fileID: 0}
    - target: {fileID: 6127610229423923343, guid: 3bcde301d014343e2860f9765b197aec, type: 3}
      propertyPath: m_AnchorMin.y
      value: 1
      objectReference: {fileID: 0}
    - target: {fileID: 6127610229423923343, guid: 3bcde301d014343e2860f9765b197aec, type: 3}
      propertyPath: m_AnchorMax.y
      value: 1
      objectReference: {fileID: 0}
    - target: {fileID: 6127610229423923343, guid: 3bcde301d014343e2860f9765b197aec, type: 3}
      propertyPath: m_AnchoredPosition.x
      value: 84.25
      objectReference: {fileID: 0}
    - target: {fileID: 6127610229423923343, guid: 3bcde301d014343e2860f9765b197aec, type: 3}
      propertyPath: m_AnchoredPosition.y
      value: -35
      objectReference: {fileID: 0}
    - target: {fileID: 8066376475729161673, guid: 3bcde301d014343e2860f9765b197aec, type: 3}
      propertyPath: m_AnchorMin.y
      value: 1
      objectReference: {fileID: 0}
    - target: {fileID: 8066376475729161673, guid: 3bcde301d014343e2860f9765b197aec, type: 3}
      propertyPath: m_AnchorMax.y
      value: 1
      objectReference: {fileID: 0}
    - target: {fileID: 8066376475729161673, guid: 3bcde301d014343e2860f9765b197aec, type: 3}
      propertyPath: m_AnchoredPosition.x
      value: 392.75
      objectReference: {fileID: 0}
    - target: {fileID: 8066376475729161673, guid: 3bcde301d014343e2860f9765b197aec, type: 3}
      propertyPath: m_AnchoredPosition.y
      value: -35
      objectReference: {fileID: 0}
    - target: {fileID: 8519565115777802126, guid: 3bcde301d014343e2860f9765b197aec, type: 3}
      propertyPath: m_AnchorMin.y
      value: 1
      objectReference: {fileID: 0}
    - target: {fileID: 8519565115777802126, guid: 3bcde301d014343e2860f9765b197aec, type: 3}
      propertyPath: m_AnchorMax.y
      value: 1
      objectReference: {fileID: 0}
    - target: {fileID: 8519565115777802126, guid: 3bcde301d014343e2860f9765b197aec, type: 3}
      propertyPath: m_AnchoredPosition.x
      value: 298.5
      objectReference: {fileID: 0}
    - target: {fileID: 8519565115777802126, guid: 3bcde301d014343e2860f9765b197aec, type: 3}
      propertyPath: m_AnchoredPosition.y
      value: -35
      objectReference: {fileID: 0}
    - target: {fileID: 8519565115777802126, guid: 3bcde301d014343e2860f9765b197aec, type: 3}
      propertyPath: m_SizeDelta.x
      value: 597
      objectReference: {fileID: 0}
    m_RemovedComponents: []
  m_SourcePrefab: {fileID: 100100000, guid: 3bcde301d014343e2860f9765b197aec, type: 3}
--- !u!224 &5204120243422047150 stripped
RectTransform:
  m_CorrespondingSourceObject: {fileID: 2227280531040058767, guid: 3bcde301d014343e2860f9765b197aec, type: 3}
  m_PrefabInstance: {fileID: 6255601167651182113}
  m_PrefabAsset: {fileID: 0}
--- !u!1001 &6255601168381359272
PrefabInstance:
  m_ObjectHideFlags: 0
  serializedVersion: 2
  m_Modification:
    m_TransformParent: {fileID: 6255601168124694160}
    m_Modifications:
    - target: {fileID: 687397498, guid: 76eedb1910acf403eb909d8a91d0a2db, type: 3}
      propertyPath: m_SizeDelta.y
      value: 0
      objectReference: {fileID: 0}
    - target: {fileID: 87591247721455375, guid: 76eedb1910acf403eb909d8a91d0a2db, type: 3}
      propertyPath: pauseBackground
      value: 
      objectReference: {fileID: 6255601167922106052}
    - target: {fileID: 5376802134137979673, guid: 76eedb1910acf403eb909d8a91d0a2db, type: 3}
      propertyPath: m_AnchorMin.y
      value: 0
      objectReference: {fileID: 0}
    - target: {fileID: 5376802134137979673, guid: 76eedb1910acf403eb909d8a91d0a2db, type: 3}
      propertyPath: m_AnchorMax.y
      value: 0
      objectReference: {fileID: 0}
    - target: {fileID: 5376802134137979673, guid: 76eedb1910acf403eb909d8a91d0a2db, type: 3}
      propertyPath: m_AnchoredPosition.x
      value: 0
      objectReference: {fileID: 0}
    - target: {fileID: 5376802134137979673, guid: 76eedb1910acf403eb909d8a91d0a2db, type: 3}
      propertyPath: m_AnchoredPosition.y
      value: 0
      objectReference: {fileID: 0}
    - target: {fileID: 5376802134911279264, guid: 76eedb1910acf403eb909d8a91d0a2db, type: 3}
      propertyPath: m_AnchorMin.y
      value: 0
      objectReference: {fileID: 0}
    - target: {fileID: 5376802134911279264, guid: 76eedb1910acf403eb909d8a91d0a2db, type: 3}
      propertyPath: m_AnchorMax.y
      value: 0
      objectReference: {fileID: 0}
    - target: {fileID: 5376802134911279264, guid: 76eedb1910acf403eb909d8a91d0a2db, type: 3}
      propertyPath: m_AnchoredPosition.x
      value: 0
      objectReference: {fileID: 0}
    - target: {fileID: 5376802134911279264, guid: 76eedb1910acf403eb909d8a91d0a2db, type: 3}
      propertyPath: m_AnchoredPosition.y
      value: 0
      objectReference: {fileID: 0}
    - target: {fileID: 6894151441881884779, guid: 76eedb1910acf403eb909d8a91d0a2db, type: 3}
      propertyPath: m_AnchorMin.y
      value: 0
      objectReference: {fileID: 0}
    - target: {fileID: 6894151441881884779, guid: 76eedb1910acf403eb909d8a91d0a2db, type: 3}
      propertyPath: m_AnchorMax.y
      value: 0
      objectReference: {fileID: 0}
    - target: {fileID: 6894151441881884779, guid: 76eedb1910acf403eb909d8a91d0a2db, type: 3}
      propertyPath: m_AnchoredPosition.x
      value: 0
      objectReference: {fileID: 0}
    - target: {fileID: 6894151441881884779, guid: 76eedb1910acf403eb909d8a91d0a2db, type: 3}
      propertyPath: m_AnchoredPosition.y
      value: 0
      objectReference: {fileID: 0}
    - target: {fileID: 7021803825052341480, guid: 76eedb1910acf403eb909d8a91d0a2db, type: 3}
      propertyPath: m_AnchorMin.y
      value: 0
      objectReference: {fileID: 0}
    - target: {fileID: 7021803825052341480, guid: 76eedb1910acf403eb909d8a91d0a2db, type: 3}
      propertyPath: m_AnchorMax.y
      value: 0
      objectReference: {fileID: 0}
    - target: {fileID: 7021803825052341480, guid: 76eedb1910acf403eb909d8a91d0a2db, type: 3}
      propertyPath: m_AnchoredPosition.x
      value: 0
      objectReference: {fileID: 0}
    - target: {fileID: 7021803825052341480, guid: 76eedb1910acf403eb909d8a91d0a2db, type: 3}
      propertyPath: m_AnchoredPosition.y
      value: 0
      objectReference: {fileID: 0}
    - target: {fileID: 9047053115861275940, guid: 76eedb1910acf403eb909d8a91d0a2db, type: 3}
      propertyPath: m_Name
      value: PauseWindow
      objectReference: {fileID: 0}
    - target: {fileID: 9047053115861275943, guid: 76eedb1910acf403eb909d8a91d0a2db, type: 3}
      propertyPath: m_LocalPosition.x
      value: 0
      objectReference: {fileID: 0}
    - target: {fileID: 9047053115861275943, guid: 76eedb1910acf403eb909d8a91d0a2db, type: 3}
      propertyPath: m_LocalPosition.y
      value: 0
      objectReference: {fileID: 0}
    - target: {fileID: 9047053115861275943, guid: 76eedb1910acf403eb909d8a91d0a2db, type: 3}
      propertyPath: m_LocalPosition.z
      value: 0
      objectReference: {fileID: 0}
    - target: {fileID: 9047053115861275943, guid: 76eedb1910acf403eb909d8a91d0a2db, type: 3}
      propertyPath: m_LocalRotation.x
      value: 0
      objectReference: {fileID: 0}
    - target: {fileID: 9047053115861275943, guid: 76eedb1910acf403eb909d8a91d0a2db, type: 3}
      propertyPath: m_LocalRotation.y
      value: 0
      objectReference: {fileID: 0}
    - target: {fileID: 9047053115861275943, guid: 76eedb1910acf403eb909d8a91d0a2db, type: 3}
      propertyPath: m_LocalRotation.z
      value: 0
      objectReference: {fileID: 0}
    - target: {fileID: 9047053115861275943, guid: 76eedb1910acf403eb909d8a91d0a2db, type: 3}
      propertyPath: m_LocalRotation.w
      value: 1
      objectReference: {fileID: 0}
    - target: {fileID: 9047053115861275943, guid: 76eedb1910acf403eb909d8a91d0a2db, type: 3}
      propertyPath: m_RootOrder
      value: 2
      objectReference: {fileID: 0}
    - target: {fileID: 9047053115861275943, guid: 76eedb1910acf403eb909d8a91d0a2db, type: 3}
      propertyPath: m_LocalEulerAnglesHint.x
      value: 0
      objectReference: {fileID: 0}
    - target: {fileID: 9047053115861275943, guid: 76eedb1910acf403eb909d8a91d0a2db, type: 3}
      propertyPath: m_LocalEulerAnglesHint.y
      value: 0
      objectReference: {fileID: 0}
    - target: {fileID: 9047053115861275943, guid: 76eedb1910acf403eb909d8a91d0a2db, type: 3}
      propertyPath: m_LocalEulerAnglesHint.z
      value: 0
      objectReference: {fileID: 0}
    - target: {fileID: 9047053115861275943, guid: 76eedb1910acf403eb909d8a91d0a2db, type: 3}
      propertyPath: m_AnchoredPosition.x
      value: 0
      objectReference: {fileID: 0}
    - target: {fileID: 9047053115861275943, guid: 76eedb1910acf403eb909d8a91d0a2db, type: 3}
      propertyPath: m_AnchoredPosition.y
      value: 0
      objectReference: {fileID: 0}
    - target: {fileID: 9047053115861275943, guid: 76eedb1910acf403eb909d8a91d0a2db, type: 3}
      propertyPath: m_SizeDelta.x
      value: 0
      objectReference: {fileID: 0}
    - target: {fileID: 9047053115861275943, guid: 76eedb1910acf403eb909d8a91d0a2db, type: 3}
      propertyPath: m_SizeDelta.y
      value: 0
      objectReference: {fileID: 0}
    - target: {fileID: 9047053115861275943, guid: 76eedb1910acf403eb909d8a91d0a2db, type: 3}
      propertyPath: m_AnchorMin.x
      value: 0
      objectReference: {fileID: 0}
    - target: {fileID: 9047053115861275943, guid: 76eedb1910acf403eb909d8a91d0a2db, type: 3}
      propertyPath: m_AnchorMin.y
      value: 0
      objectReference: {fileID: 0}
    - target: {fileID: 9047053115861275943, guid: 76eedb1910acf403eb909d8a91d0a2db, type: 3}
      propertyPath: m_AnchorMax.x
      value: 1
      objectReference: {fileID: 0}
    - target: {fileID: 9047053115861275943, guid: 76eedb1910acf403eb909d8a91d0a2db, type: 3}
      propertyPath: m_AnchorMax.y
      value: 1
      objectReference: {fileID: 0}
    - target: {fileID: 9047053115861275943, guid: 76eedb1910acf403eb909d8a91d0a2db, type: 3}
      propertyPath: m_Pivot.x
      value: 0.5
      objectReference: {fileID: 0}
    - target: {fileID: 9047053115861275943, guid: 76eedb1910acf403eb909d8a91d0a2db, type: 3}
      propertyPath: m_Pivot.y
      value: 0.5
      objectReference: {fileID: 0}
    m_RemovedComponents: []
  m_SourcePrefab: {fileID: 100100000, guid: 76eedb1910acf403eb909d8a91d0a2db, type: 3}
--- !u!224 &3124876910260330895 stripped
RectTransform:
  m_CorrespondingSourceObject: {fileID: 9047053115861275943, guid: 76eedb1910acf403eb909d8a91d0a2db, type: 3}
  m_PrefabInstance: {fileID: 6255601168381359272}
  m_PrefabAsset: {fileID: 0}
--- !u!114 &3124876910260330894 stripped
MonoBehaviour:
  m_CorrespondingSourceObject: {fileID: 9047053115861275942, guid: 76eedb1910acf403eb909d8a91d0a2db, type: 3}
  m_PrefabInstance: {fileID: 6255601168381359272}
  m_PrefabAsset: {fileID: 0}
  m_GameObject: {fileID: 0}
  m_Enabled: 1
  m_EditorHideFlags: 0
  m_Script: {fileID: 11500000, guid: 5b94c4c5a2c74a8fbdcee313d3d122e4, type: 3}
  m_Name: 
  m_EditorClassIdentifier: 
